{
  "leader": "04147cam a2200505 a 4500",
  "fields": [
    {
      "001": "ocm24173022\\"
    },
    {
      "003": "OCoLC"
    },
    {
      "005": "20220708130425.0"
    },
    {
      "008": "910717s1992\\\\\\\\ohuab\\\\\\\\b\\\\\\s001\\0\\eng\\\\"
    },
    {
      "010": {
        "ind1": "\\",
        "ind2": "\\",
        "subfields": [
          {
            "a": "   91027782 "
          }
        ]
      }
    },
    {
      "040": {
        "ind1": "\\",
        "ind2": "\\",
        "subfields": [
          {
            "a": "DLC"
          },
          {
            "b": "eng"
          },
          {
            "c": "DLC"
          },
          {
            "d": "BTCTA"
          },
          {
            "d": "YDXCP"
          },
          {
            "d": "BAKER"
          },
          {
            "d": "BDX"
          },
          {
            "d": "GBVCP"
          },
          {
            "d": "OCLCF"
          },
          {
            "d": "OCLCQ"
          },
          {
            "d": "OCLCA"
          },
          {
            "d": "NAM"
          },
          {
            "d": "NTG"
          },
          {
            "d": "OCLCQ"
          },
          {
            "d": "OCLCO"
          },
          {
            "d": "OSU"
          },
          {
            "d": "OCLCO"
          }
        ]
      }
    },
    {
      "016": {
        "ind1": "7",
        "ind2": "\\",
        "subfields": [
          {
            "a": "081-42056"
          },
          {
            "2": "Uk"
          }
        ]
      }
    },
    {
      "019": {
        "ind1": "\\",
        "ind2": "\\",
        "subfields": [
          {
            "a": "1049768874"
          }
        ]
      }
    },
    {
      "020": {
        "ind1": "\\",
        "ind2": "\\",
        "subfields": [
          {
            "a": "0814205607"
          },
          {
            "q": "(alk. paper)"
          }
        ]
      }
    },
    {
      "020": {
        "ind1": "\\",
        "ind2": "\\",
        "subfields": [
          {
            "a": "9780814205600"
          },
          {
            "q": "(alk. paper)"
          }
        ]
      }
    },
    {
      "035": {
        "ind1": "\\",
        "ind2": "\\",
        "subfields": [
          {
            "a": "(OCoLC)24173022"
          },
          {
            "z": "(OCoLC)1049768874"
          }
        ]
      }
    },
    {
      "043": {
        "ind1": "\\",
        "ind2": "\\",
        "subfields": [
          {
            "a": "n-us-oh"
          }
        ]
      }
    },
    {
      "050": {
        "ind1": "0",
        "ind2": "0",
        "subfields": [
          {
            "a": "HV99.C55"
          },
          {
            "b": "C8 1991"
          }
        ]
      }
    },
    {
      "082": {
        "ind1": "0",
        "ind2": "0",
        "subfields": [
          {
            "a": "361.76320977132"
          },
          {
            "b": "TIT"
          }
        ]
      }
    },
    {
      "100": {
        "ind1": "1",
        "ind2": "\\",
        "subfields": [
          {
            "a": "Tittle, Diana,"
          },
          {
            "d": "1950-"
          }
        ]
      }
    },
    {
      "245": {
        "ind1": "1",
        "ind2": "0",
        "subfields": [
          {
            "a": "Rebuilding Cleveland :"
          },
          {
            "b": "the Cleveland Foundation and its evolving urban strategy /"
          },
          {
            "c": "Diana Tittle."
          }
        ]
      }
    },
    {
      "260": {
        "ind1": "\\",
        "ind2": "\\",
        "subfields": [
          {
            "a": "Columbus :"
          },
          {
            "b": "Ohio State University Press,"
          },
          {
            "c": "\u00a91992."
          }
        ]
      }
    },
    {
      "300": {
        "ind1": "\\",
        "ind2": "\\",
        "subfields": [
          {
            "a": "xxii, 328 pages :"
          },
          {
            "b": "illustrations, map ;"
          },
          {
            "c": "24 cm."
          }
        ]
      }
    },
    {
      "336": {
        "ind1": "\\",
        "ind2": "\\",
        "subfields": [
          {
            "a": "text"
          },
          {
            "b": "txt"
          },
          {
            "2": "rdacontent"
          }
        ]
      }
    },
    {
      "337": {
        "ind1": "\\",
        "ind2": "\\",
        "subfields": [
          {
            "a": "unmediated"
          },
          {
            "b": "n"
          },
          {
            "2": "rdamedia"
          }
        ]
      }
    },
    {
      "338": {
        "ind1": "\\",
        "ind2": "\\",
        "subfields": [
          {
            "a": "volume"
          },
          {
            "b": "nc"
          },
          {
            "2": "rdacarrier"
          }
        ]
      }
    },
    {
      "490": {
        "ind1": "1",
        "ind2": "\\",
        "subfields": [
          {
            "a": "Historical perspectives on business enterprise series"
          }
        ]
      }
    },
    {
      "504": {
        "ind1": "\\",
        "ind2": "\\",
        "subfields": [
          {
            "a": "Includes bibliographical references (pages 315-320) and index."
          }
        ]
      }
    },
    {
      "505": {
        "ind1": "0",
        "ind2": "\\",
        "subfields": [
          {
            "a": "A willingness to lead -- A world-class beginning -- No little plans -- A tradition of involvement -- The resources to act -- A gathering of resolve -- Embracing the urban problem -- Brave new alliances -- Adjusting to great expectations -- Defining a civic vision -- A new pragmatism -- Strategic developments -- Sustained commitment."
          }
        ]
      }
    },
    {
      "520": {
        "ind1": "0",
        "ind2": "\\",
        "subfields": [
          {
            "a": "Rebuilding Cleveland is a critical study of the role that The Cleveland Foundation, the country's oldest community trust, has played in shaping public affairs in Cleveland, Ohio, over the past quarter-century. Drawing on an examination of the Foundation's private papers and more than a hundred interviews with Foundation personnel and grantees, Diana Tittle demonstrates that The Cleveland Foundation, with assets of more than {dollar}600 million, has provided continuing, catalytic leadership in its attempts to solve a wide range of Cleveland's urban problems. The Foundation's influence is more than a matter of money, Tittle shows. The combined efforts of professional philanthropists and a board of trustees traditionally dominated by Cleveland's business elite, but also including members appointed by various elected officials, have produced innovative civic leadership that neither group was able to achieve on its own. Through an examination of the Foundation's ongoing and sometimes painful organizational development, Tittle explains how the Foundation came to be an important catalyst for progressive change in Cleveland. Rebuilding Cleveland takes the reader back to 1914, when Cleveland banker Frederick C. Goff invented the concept of a community foundation and pioneered a national movement of social scientists, business leaders, and government officials that made philanthropy a more effective force for private involvement in public affairs. Tittle follows the Foundation through the 1960s, when it began a major new initiative to establish itself as a civic agenda-setter and problem solver, to the present, as a new generation of Foundation leaders continues to build upon this renewed sense of purpose."
          }
        ]
      }
    },
    {
      "610": {
        "ind1": "2",
        "ind2": "0",
        "subfields": [
          {
            "a": "Cleveland Foundation"
          },
          {
            "x": "History."
          }
        ]
      }
    },
    {
      "650": {
        "ind1": "\\",
        "ind2": "0",
        "subfields": [
          {
            "a": "Endowments"
          },
          {
            "z": "Ohio"
          },
          {
            "z": "Cleveland"
          },
          {
            "x": "History."
          }
        ]
      }
    },
    {
      "650": {
        "ind1": "\\",
        "ind2": "0",
        "subfields": [
          {
            "a": "Social responsibility of business"
          },
          {
            "z": "Ohio"
          },
          {
            "z": "Cleveland"
          },
          {
            "x": "History."
          }
        ]
      }
    },
    {
      "651": {
        "ind1": "\\",
        "ind2": "0",
        "subfields": [
          {
            "a": "Cleveland (Ohio)"
          },
          {
            "x": "Social conditions."
          }
        ]
      }
    },
    {
      "610": {
        "ind1": "2",
        "ind2": "7",
        "subfields": [
          {
            "a": "Cleveland Foundation."
          },
          {
            "2": "fast"
          },
          {
            "0": "(OCoLC)fst00566831"
          }
        ]
      }
    },
    {
      "650": {
        "ind1": "\\",
        "ind2": "7",
        "subfields": [
          {
            "a": "Endowments."
          },
          {
            "2": "fast"
          },
          {
            "0": "(OCoLC)fst00909854"
          }
        ]
      }
    },
    {
      "650": {
        "ind1": "\\",
        "ind2": "7",
        "subfields": [
          {
            "a": "Social conditions"
          },
          {
            "2": "fast"
          },
          {
            "0": "(OCoLC)fst01919811"
          }
        ]
      }
    },
    {
      "650": {
        "ind1": "\\",
        "ind2": "7",
        "subfields": [
          {
            "a": "Social responsibility of business."
          },
          {
            "2": "fast"
          },
          {
            "0": "(OCoLC)fst01122851"
          }
        ]
      }
    },
    {
      "651": {
        "ind1": "\\",
        "ind2": "7",
        "subfields": [
          {
            "a": "Ohio"
          },
          {
            "z": "Cleveland."
          },
          {
            "2": "fast"
          },
          {
            "0": "(OCoLC)fst01205966"
          }
        ]
      }
    },
    {
      "655": {
        "ind1": "\\",
        "ind2": "7",
        "subfields": [
          {
            "a": "History."
          },
          {
            "2": "fast"
          },
          {
            "0": "(OCoLC)fst01411628"
          }
        ]
      }
    },
    {
      "776": {
        "ind1": "0",
        "ind2": "8",
        "subfields": [
          {
            "i": "Online version:"
          },
          {
            "a": "Tittle, Diana, 1950-"
          },
          {
            "t": "Rebuilding Cleveland."
          },
          {
            "d": "Columbus : Ohio State University Press, [1992]"
          },
          {
            "w": "(OCoLC)155847335"
          }
        ]
      }
    },
    {
      "830": {
        "ind1": "\\",
        "ind2": "0",
        "subfields": [
          {
            "a": "Historical perspectives on business enterprise series."
          }
        ]
      }
    },
    {
      "994": {
        "ind1": "\\",
        "ind2": "\\",
        "subfields": [
          {
            "a": "Z0"
          },
          {
            "b": "NYRVC"
          }
        ]
      }
    },
    {
      "948": {
        "ind1": "\\",
        "ind2": "\\",
        "subfields": [
          {
            "h": "NO HOLDINGS IN NYRVC - 161 OTHER HOLDINGS"
          }
        ]
      }
    },
    {
      "999": {
        "ind1": "\\",
        "ind2": "\\",
        "subfields": [
          {
            "a": "00000000013768"
          }
        ]
      }
    }
  ]
}